@article{gamazon2015gene,
  title={A gene-based association method for mapping traits using reference transcriptome data},
  author={Gamazon, Eric R and Wheeler, Heather E and Shah, Kaanan P and Mozaffari, Sahar V and Aquino-Michaels, Keston and Carroll, Robert J and Eyler, Anne E and Denny, Joshua C and Nicolae, Dan L and Cox, Nancy J and others},
  journal={Nature genetics},
  volume={47},
  number={9},
  pages={1091},
  year={2015},
  publisher={Nature Publishing Group}
}

@article{gtex2020gtex,
  title={The GTEx Consortium atlas of genetic regulatory effects across human tissues},
  author={GTEx Consortium and others},
  journal={Science},
  volume={369},
  number={6509},
  pages={1318--1330},
  year={2020},
  publisher={American Association for the Advancement of Science}
}

@article{miller2014transcriptional,
  title={Transcriptional landscape of the prenatal human brain},
  author={Miller, Jeremy A and Ding, Song-Lin and Sunkin, Susan M and Smith, Kimberly A and Ng, Lydia and Szafer, Aaron and Ebbert, Amanda and Riley, Zackery L and Royall, Joshua J and Aiona, Kaylynn and others},
  journal={Nature},
  volume={508},
  number={7495},
  pages={199--206},
  year={2014},
  publisher={Nature Publishing Group}
}

@article{miller2017neuropathological,
  title={Neuropathological and transcriptomic characteristics of the aged brain},
  author={Miller, Jeremy A and Guillozet-Bongaarts, Angela and Gibbons, Laura E and Postupna, Nadia and Renz, Anne and Beller, Allison E and Sunkin, Susan M and Ng, Lydia and Rose, Shannon E and Smith, Kimberly A and others},
  journal={Elife},
  volume={6},
  pages={e31126},
  year={2017},
  publisher={eLife Sciences Publications Limited}
}

@article{butler2018integrating,
  title={Integrating single-cell transcriptomic data across different conditions, technologies, and species},
  author={Butler, Andrew and Hoffman, Paul and Smibert, Peter and Papalexi, Efthymia and Satija, Rahul},
  journal={Nature biotechnology},
  volume={36},
  number={5},
  pages={411--420},
  year={2018},
  publisher={Nature Publishing Group}
}

@article{wang2018comprehensive,
  title={Comprehensive functional genomic resource and integrative model for the human brain},
  author={Wang, Daifeng and Liu, Shuang and Warrell, Jonathan and Won, Hyejung and Shi, Xu and Navarro, Fabio CP and Clarke, Declan and Gu, Mengting and Emani, Prashant and Yang, Yucheng T and others},
  journal={Science},
  volume={362},
  number={6420},
  pages={eaat8464},
  year={2018},
  publisher={American Association for the Advancement of Science}
}

@article{stein2018enter,
  title={Enter the matrix: factorization uncovers knowledge from omics},
  author={Stein-O'Brien, Genevieve L and Arora, Raman and Culhane, Aedin C and Favorov, Alexander V and Garmire, Lana X and Greene, Casey S and Goff, Loyal A and Li, Yifeng and Ngom, Aloune and Ochs, Michael F and others},
  journal={Trends in Genetics},
  volume={34},
  number={10},
  pages={790--805},
  year={2018},
  publisher={Elsevier}
}

@article{tibshirani2012strong,
  title={Strong rules for discarding predictors in lasso-type problems},
  author={Tibshirani, Robert and Bien, Jacob and Friedman, Jerome and Hastie, Trevor and Simon, Noah and Taylor, Jonathan and Tibshirani, Ryan J},
  journal={Journal of the Royal Statistical Society: Series B (Statistical Methodology)},
  volume={74},
  number={2},
  pages={245--266},
  year={2012},
  publisher={Wiley Online Library}
}

@article{welch2019single,
  title={Single-cell multi-omic integration compares and contrasts features of brain cell identity},
  author={Welch, Joshua D and Kozareva, Velina and Ferreira, Ashley and Vanderburg, Charles and Martin, Carly and Macosko, Evan Z},
  journal={Cell},
  volume={177},
  number={7},
  pages={1873--1887},
  year={2019},
  publisher={Elsevier}
}

@article{qian2022scinsight,
  title={scINSIGHT for interpreting single-cell gene expression from biologically heterogeneous data},
  author={Qian, Kun and Fu, Shiwei and Li, Hongwei and Li, Wei Vivian},
  journal={Genome biology},
  volume={23},
  number={1},
  pages={1--23},
  year={2022},
  publisher={BioMed Central}
}

@article{lonsdale2013genotype,
  title={The genotype-tissue expression (GTEx) project},
  author={Lonsdale, John and Thomas, Jeffrey and Salvatore, Mike and Phillips, Rebecca and Lo, Edmund and Shad, Saboor and Hasz, Richard and Walters, Gary and Garcia, Fernando and Young, Nancy and others},
  journal={Nature genetics},
  volume={45},
  number={6},
  pages={580--585},
  year={2013},
  publisher={Nature Publishing Group}
}

@article{hicks2018missing,
  title={Missing data and technical variability in single-cell RNA-sequencing experiments},
  author={Hicks, Stephanie C and Townes, F William and Teng, Mingxiang and Irizarry, Rafael A},
  journal={Biostatistics},
  volume={19},
  number={4},
  pages={562--578},
  year={2018},
  publisher={Oxford University Press}
}

@article{kriebel2022uinmf,
  title={UINMF performs mosaic integration of single-cell multi-omic datasets using nonnegative matrix factorization},
  author={Kriebel, April R and Welch, Joshua D},
  journal={Nature communications},
  volume={13},
  number={1},
  pages={1--17},
  year={2022},
  publisher={Nature Publishing Group}
}

@article{haghverdi2018batch,
  title={Batch effects in single-cell RNA-sequencing data are corrected by matching mutual nearest neighbors},
  author={Haghverdi, Laleh and Lun, Aaron TL and Morgan, Michael D and Marioni, John C},
  journal={Nature biotechnology},
  volume={36},
  number={5},
  pages={421--427},
  year={2018},
  publisher={Nature Publishing Group}
}

@article{gao2021iterative,
  title={Iterative single-cell multi-omic integration using online learning},
  author={Gao, Chao and Liu, Jialin and Kriebel, April R and Preissl, Sebastian and Luo, Chongyuan and Castanon, Rosa and Sandoval, Justin and Rivkin, Angeline and Nery, Joseph R and Behrens, Margarita M and others},
  journal={Nature biotechnology},
  volume={39},
  number={8},
  pages={1000--1007},
  year={2021},
  publisher={Nature Publishing Group}
}

@article{liu2021robust,
  title={Robust integration of multiple single-cell RNA sequencing datasets using a single reference space},
  author={Liu, Yang and Wang, Tao and Zhou, Bin and Zheng, Deyou},
  journal={Nature biotechnology},
  volume={39},
  number={7},
  pages={877--884},
  year={2021},
  publisher={Nature Publishing Group}
}

@article{fang2019single,
  title={Single-cell heterogeneity analysis and CRISPR screen identify key beta-cell-specific disease genes},
  author={Fang, Zhou and Weng, Chen and Li, Haiyan and Tao, Ran and Mai, Weihua and Liu, Xiaoxiao and Lu, Leina and Lai, Sisi and Duan, Qing and Alvarez, Carlos and others},
  journal={Cell reports},
  volume={26},
  number={11},
  pages={3132--3144},
  year={2019},
  publisher={Elsevier}
}

@article{lee2006efficient,
  title={Efficient sparse coding algorithms},
  author={Lee, Honglak and Battle, Alexis and Raina, Rajat and Ng, Andrew},
  journal={Advances in neural information processing systems},
  volume={19},
  year={2006}
}

@article{vella2000effect,
  title={Effect of glucagon-like peptide 1 (7-36) amide on glucose effectiveness and insulin action in people with type 2 diabetes.},
  author={Vella, Adrian and Shah, Pankaj and Basu, Rita and Basu, Ananda and Holst, Jens J and Rizza, Robert A},
  journal={Diabetes},
  volume={49},
  number={4},
  pages={611--617},
  year={2000},
  publisher={Am Diabetes Assoc}
}

@article{molania2022removing,
  title={Removing unwanted variation from large-scale RNA sequencing data with PRPS},
  author={Molania, Ramyar and Foroutan, Momeneh and Gagnon-Bartsch, Johann A and Gandolfo, Luke C and Jain, Aryan and Sinha, Abhishek and Olshansky, Gavriel and Dobrovic, Alexander and Papenfuss, Anthony T and Speed, Terence P},
  journal={Nature Biotechnology},
  pages={1--14},
  year={2022},
  publisher={Nature Publishing Group}
}